@inproceedings{Shin:2003:PRM:956418.956612,
 author = {Shin, Insik and Lee, Insup},
 title = {Periodic Resource Model for Compositional Real-Time Guarantees},
 booktitle = {Proceedings of the 24th IEEE International Real-Time Systems Symposium},
 series = {RTSS '03},
 year = {2003},
 isbn = {0-7695-2044-8},
 pages = {2--},
 acmid = {956612},
 publisher = {IEEE Computer Society},
 address = {Washington, DC, USA},
}

@article{Shin:2008:CRS:1347375.1347383,
 author = {Shin, Insik and Lee, Insup},
 title = {Compositional real-time scheduling framework with periodic model},
 journal = {ACM Trans. Embed. Comput. Syst.},
 issue_date = {April 2008},
 volume = {7},
 number = {3},
 month = may,
 year = {2008},
 issn = {1539-9087},
 pages = {30:1--30:39},
 articleno = {30},
 numpages = {39},
 acmid = {1347383},
 publisher = {ACM},
 address = {New York, NY, USA},
 keywords = {Hierarchical, abstract, component, composition, interface, real-time, scheduling},
}

@INPROCEEDINGS{63567, 
author={Lehoczky, J. and Lui Sha and Ding, Y.}, 
booktitle={Real Time Systems Symposium, 1989., Proceedings.}, title={The rate monotonic scheduling algorithm: exact characterization and average case behavior}, 
year={Dec}, 
pages={166-171}, 
keywords={performance evaluation;probability;real-time systems;scheduling;stochastic processes;average case behavior;exact characterization;periodic task set;probability distribution;rate monotonic scheduling algorithm;stochastic analysis;task computation;Algorithm design and analysis;Computer aided software engineering;Delay;Electric breakdown;Optimal control;Processor scheduling;Scheduling algorithm;Statistics;Stochastic processes;Timing}, 
}

@article{Lakhneche:1995:MTL:202379.202389,
 author = {Lakhneche, Yassine and Hooman, Jozef},
 title = {Metric temporal logic with durations},
 journal = {Theor. Comput. Sci.},
 issue_date = {Feb. 6, 1995},
 volume = {138},
 number = {1},
 month = feb,
 year = {1995},
 issn = {0304-3975},
 pages = {169--199},
 numpages = {31},
 acmid = {202389},
 publisher = {Elsevier Science Publishers Ltd.},
 address = {Essex, UK},
}

@inproceedings{Pnueli:1977:TLP:1382431.1382534,
 author = {Pnueli, Amir},
 title = {The temporal logic of programs},
 booktitle = {Proceedings of the 18th Annual Symposium on Foundations of Computer Science},
 series = {SFCS '77},
 year = {1977},
 pages = {46--57},
 numpages = {12},
 acmid = {1382534},
 publisher = {IEEE Computer Society},
 address = {Washington, DC, USA},
}

@article{Koymans:1990:SRP:97824.97831,
 author = {Koymans, Ron},
 title = {Specifying real-time properties with metric temporal logic},
 journal = {Real-Time Systems},
 issue_date = {Nov. 1990},
 volume = {2},
 number = {4},
 month = oct,
 year = {1990},
 issn = {0922-6443},
 pages = {255--299},
 numpages = {45},
 acmid = {97831},
 publisher = {Kluwer Academic Publishers},
 address = {Norwell, MA, USA},
}

@article{Audsley:1995:FPP:203287.203291,
 author = {Audsley, Neil C. and Burns, Alan and Davis, Robert I. and Tindell, Ken W. and Wellings, Andy J.},
 title = {Fixed priority pre-emptive scheduling: an historical perspective},
 journal = {Real-Time Syst.},
 issue_date = {March/May 1995},
 volume = {8},
 number = {2-3},
 month = mar,
 year = {1995},
 issn = {0922-6443},
 pages = {173--198},
 numpages = {26},
 acmid = {203291},
 publisher = {Kluwer Academic Publishers},
 address = {Norwell, MA, USA},
}

@article{Fidge:1998:RST:285164.285168,
 author = {Fidge, C. J.},
 title = {Real-Time Schedulability Tests for Preemptive Multitasking},
 journal = {Real-Time Syst.},
 issue_date = {Jan. 1998},
 volume = {14},
 number = {1},
 month = jan,
 year = {1998},
 issn = {0922-6443},
 pages = {61--93},
 numpages = {33},
 acmid = {285168},
 publisher = {Kluwer Academic Publishers},
 address = {Norwell, MA, USA},
 keywords = {multi-task programming, real-time programming, schedulability testing, scheduling policies, scheduling theory},
}

@INPROCEEDINGS{5161513, 
author={Haitao Zhu and Dwyer, M.B. and Goddard, S.}, 
booktitle={Real-Time Systems, 2009. ECRTS '09. 21st Euromicro Conference on}, 
title={Predictable Runtime Monitoring}, 
year={2009}, 
month={july}, 
volume={}, 
number={}, 
pages={173 -183}, 
ISSN={1068-3070},}

@INPROCEEDINGS{5465980, 
author={Haitao Zhu and Goddard, S. and Dwyer, M.B.}, 
booktitle={Real-Time and Embedded Technology and Applications Symposium (RTAS), 2010 16th IEEE}, 
title={Selecting Server Parameters for Predictable Runtime Monitoring}, 
year={2010}, 
pages={227-236}, 
keywords={embedded systems;operating systems (computers);scheduling;software performance evaluation;deferrable server;detection latency;embedded realtime software system;monitor servers;predictable runtime monitoring;queue length analysis;server parameter selection;Aerospace control;Application software;Computerized monitoring;Condition monitoring;Delay;Queueing analysis;Real time systems;Runtime;Vehicle detection;Vehicle safety}, 
doi={10.1109/RTAS.2010.18}, 
ISSN={1080-1812},}

@inproceedings{Pike:2010:CHR:1939399.1939428,
 author = {Pike, Lee and Goodloe, Alwyn and Morisset, Robin and Niller, Sebastian},
 title = {Copilot: a hard real-time runtime monitor},
 booktitle = {Proceedings of the First international conference on Runtime verification},
 series = {RV'10},
 year = {2010},
 isbn = {3-642-16611-3, 978-3-642-16611-2},
 location = {St. Julians, Malta},
 pages = {345--359},
 numpages = {15},
 acmid = {1939428},
 publisher = {Springer-Verlag},
 address = {Berlin, Heidelberg},
}

@techreport{cister_techrep,
 author = {Pedro, André de Matos and Pereira, David and  Pinho, Luís Miguel and Pinto, Jorge Sousa},
 title = {A Compositional Monitoring Framework for Hard Real-Time Systems},
 institution = {Cister Research Unit - INESC-TEC, ISEP, IPP},
 year = {2013}
}

@ONLINE{ocaml,
author = {{The OCaml Development Team}},
title = {OCaml Programming Language},
month = jun,
year = {2013},
url = {http://www.ocaml.org}
}

@inproceedings{Alur:1991:LMR:648143.749966,
 author = {Alur, Rajeev and Henzinger, Thomas A.},
 title = {Logics and Models of Real Time: A Survey},
 booktitle = {Proceedings of the Real-Time: Theory in Practice, REX Workshop},
 year = {1992},
 isbn = {3-540-55564-1},
 pages = {74--106},
 numpages = {33},
 acmid = {749966},
 publisher = {Springer-Verlag},
 address = {London, UK, UK},
}

@inproceedings{Behrmann:2006:UPP:1173695.1173968,
 author = {Behrmann, Gerd and David, Alexandre and Larsen, Kim G. and Hakansson, John and Petterson, Paul and Yi, Wang and Hendriks, Martijn},
 title = {UPPAAL 4.0},
 booktitle = {Proceedings of the 3rd international conference on the Quantitative Evaluation of Systems},
 series = {QEST '06},
 year = {2006},
 isbn = {0-7695-2665-9},
 pages = {125--126},
 numpages = {2},
 acmid = {1173968},
 publisher = {IEEE Computer Society},
 address = {Washington, DC, USA},
}

@INPROCEEDINGS{5279699, 
author={Easwaran, A. and Insup Lee and Sokolsky, O. and Vestal, S.}, 
booktitle={Embedded and Real-Time Computing Systems and Applications, 2009. RTCSA '09. 15th IEEE International Conference on}, 
title={A Compositional Scheduling Framework for Digital Avionics Systems}, 
year={2009}, 
pages={371-380}, 
ISSN={1533-2306},}


@incollection{timedenf,
year={2013},
isbn={978-3-642-35631-5},
booktitle={Runtime Verification},
volume={7687},
series={Lecture Notes in Computer Science},
editor={Qadeer, Shaz and Tasiran, Serdar},
doi={10.1007/978-3-642-35632-2_23},
title={Runtime Enforcement of Timed Properties},
publisher={Springer Berlin Heidelberg},
author={Pinisetty, Srinivas and Falcone, Yliès and Jéron, Thierry and Marchand, Hervé and Rollet, Antoine and Nguena Timo, OmerLandry},
pages={229-244}
}

@article{Fersman:2007:TAS:1274187.1274249,
 author = {Fersman, Elena and Krcal, Pavel and Pettersson, Paul and Yi, Wang},
 title = {Task automata: Schedulability, decidability and undecidability},
 journal = {Inf. Comput.},
 issue_date = {August, 2007},
 volume = {205},
 number = {8},
 month = aug,
 year = {2007},
 issn = {0890-5401},
 pages = {1149--1172},
 numpages = {24},
 acmid = {1274249},
 publisher = {Academic Press, Inc.},
 address = {Duluth, MN, USA},
 keywords = {Modeling and verification, Real time systems, Schedulability analysis, Timed automata},
}

@article{Liu:1973:SAM:321738.321743,
 author = {Liu, C. L. and Layland, James W.},
 title = {Scheduling Algorithms for Multiprogramming in a Hard-Real-Time Environment},
 journal = {J. ACM},
 issue_date = {Jan. 1973},
 volume = {20},
 number = {1},
 month = jan,
 year = {1973},
 issn = {0004-5411},
 pages = {46--61},
 numpages = {16},
 url = {http://doi.acm.org/10.1145/321738.321743},
 doi = {10.1145/321738.321743},
 acmid = {321743},
 publisher = {ACM},
 address = {New York, NY, USA},
}

@book{Clarke:2000:MC:332656,
 author = {Clarke,Jr., Edmund M. and Grumberg, Orna and Peled, Doron A.},
 title = {Model checking},
 year = {1999},
 isbn = {0-262-03270-8},
 publisher = {MIT Press},
 address = {Cambridge, MA, USA},
}


@incollection{Auguston:2008:SMR:1805839.1805844,
year={2008},
isbn={978-3-540-78126-4},
booktitle={Pillars of Computer Science},
volume={4800},
series={Lecture Notes in Computer Science},
doi={10.1007/978-3-540-78127-1_5},
title={Synthesis of Monitors for Real-Time Analysis of Reactive Systems},
url={http://dx.doi.org/10.1007/978-3-540-78127-1_5},
publisher={Springer Berlin Heidelberg},
author={Auguston, Mikhail and Trakhtenbrot, Mark},
pages={72-86}
}

@article{Bauer:2011:RVL:2000799.2000800,
 author = {Bauer, Andreas and Leucker, Martin and Schallhart, Christian},
 title = {{Runtime Verification for LTL and TLTL}},
 journal = {ACM Trans. Softw. Eng. Methodol.},
 issue_date = {September 2011},
 volume = {20},
 number = {4},
 month = sep,
 year = {2011},
 issn = {1049-331X},
 pages = {14:1--14:64},
 articleno = {14},
 numpages = {64},
 url = {http://doi.acm.org/10.1145/2000799.2000800},
 doi = {10.1145/2000799.2000800},
 acmid = {2000800},
 publisher = {ACM},
 address = {New York, USA},
 keywords = {Assertion checkers, monitors, runtime verification},
}


@inproceedings{Nickovic:2010:MDT:1885174.1885187,
 author = {Ni\v{c}kovi\'{c}, Dejan and Piterman, Nir},
 title = {From MTL to deterministic timed automata},
 booktitle = {Proceedings of the 8th international conference on Formal modeling and analysis of timed systems},
 series = {FORMATS'10},
 year = {2010},
 isbn = {3-642-15296-1, 978-3-642-15296-2},
 location = {Klosterneuburg, Austria},
 pages = {152--167},
 numpages = {16},
 url = {http://dl.acm.org/citation.cfm?id=1885174.1885187},
 acmid = {1885187},
 publisher = {Springer-Verlag},
 address = {Berlin, Heidelberg},
}

@inproceedings{Drusinsky:2000:TRA:645880.672089,
 author = {Drusinsky, Doron},
 title = {The Temporal Rover and the ATG Rover},
 booktitle = {Proceedings of the 7th International SPIN Workshop on SPIN Model Checking and Software Verification},
 year = {2000},
 isbn = {3-540-41030-9},
 pages = {323--330},
 numpages = {8},
 url = {http://dl.acm.org/citation.cfm?id=645880.672089},
 acmid = {672089},
 publisher = {Springer-Verlag},
 address = {London, UK},
}

@INPROCEEDINGS{5966590, 
author={Alves, M.C.B. and Drusinsky, D. and Michael, J.B. and Man-Tak Shing}, 
booktitle={System of Systems Engineering (SoSE), 2011 6th International Conference on}, title={Formal validation and verification of space flight software using statechart-assertions and runtime execution monitoring}, 
year={2011}, 
month={june}, 
volume={}, 
number={}, 
pages={155 -160}, 
keywords={Brazilian satellite launcher flight software;JUnit test;formal specification assertion;formal validation;formal verification;log file based runtime verification;natural language specification;runtime execution monitoring;space flight software;statechart-assertion;aerospace computing;formal specification;formal verification;space vehicles;}, 
doi={10.1109/SYSOSE.2011.5966590}, 
ISSN={},}

@InProceedings{pike-icfp-12,
  author =    {Lee Pike and Nis Wegmann and Sebastian Niller and Alwyn Goodloe},
  title =     {Copilot: Monitoring Embedded Systems},
  booktitle = {Innovations in Systems and Software Engineering: Special Issue on Software Health Management},
  publisher = {Springer},
  year =      {},
  month =     {},
  note =      {Accepted.  Preprint available at \url{http://www.cs.indiana.edu/~lepike/pub_pages/isse.html}},
}

@inproceedings{Pike:2011:RVU:2341616.2341647,
 author = {Pike, Lee and Niller, Sebastian and Wegmann, Nis},
 title = {Runtime verification for ultra-critical systems},
 booktitle = {Proceedings of the Second international conference on Runtime verification},
 series = {RV'11},
 year = {2012},
 isbn = {978-3-642-29859-2},
 location = {San Francisco, CA},
 pages = {310--324},
 numpages = {15},
 url = {http://dx.doi.org/10.1007/978-3-642-29860-8_23},
 doi = {10.1007/978-3-642-29860-8_23},
 acmid = {2341647},
 publisher = {Springer-Verlag},
 address = {Berlin, Heidelberg},
}


@inproceedings{Krcal:2007:MSA:1779879.1779899,
 author = {Krcal, Pavel and Stigge, Martin and Yi, Wang},
 title = {Multi-processor schedulability analysis of preemptive real-time tasks with variable execution times},
 booktitle = {Proceedings of the 5th international conference on Formal modeling and analysis of timed systems},
 series = {FORMATS'07},
 year = {2007},
 isbn = {3-540-75453-9, 978-3-540-75453-4},
 location = {Salzburg, Austria},
 pages = {274--289},
 numpages = {16},
 url = {http://dl.acm.org/citation.cfm?id=1779879.1779899},
 acmid = {1779899},
 publisher = {Springer-Verlag},
 address = {Berlin, Heidelberg},
}

@article{Fersman:2006:SAF:1139760.1139768,
 author = {Fersman, Elena and Mokrushin, Leonid and Pettersson, Paul and Yi, Wang},
 title = {Schedulability analysis of fixed-priority systems using timed automata},
 journal = {Theor. Comput. Sci.},
 issue_date = {28 March 2006},
 volume = {354},
 number = {2},
 month = mar,
 year = {2006},
 issn = {0304-3975},
 pages = {301--317},
 numpages = {17},
 url = {http://dx.doi.org/10.1016/j.tcs.2005.11.019},
 doi = {10.1016/j.tcs.2005.11.019},
 acmid = {1139768},
 publisher = {Elsevier Science Publishers Ltd.},
 address = {Essex, UK},
 keywords = {modelling and verification, real time systems, schedulability analysis, timed automata, tool},
}

@inproceedings{Fersman:2002:TAA:646486.694626,
 author = {Fersman, Elena and Pettersson, Paul and Yi, Wang},
 title = {Timed Automata with Asynchronous Processes: Schedulability and Decidability},
 booktitle = {Proceedings of the 8th International Conference on Tools and Algorithms for the Construction and Analysis of Systems},
 series = {TACAS '02},
 year = {2002},
 isbn = {3-540-43419-4},
 pages = {67--82},
 numpages = {16},
 url = {http://dl.acm.org/citation.cfm?id=646486.694626},
 acmid = {694626},
 publisher = {Springer-Verlag},
 address = {London, UK},
}

@inproceedings{ky-tacas04decidable,
    author = "Pavel Kr\v{c}\'{a}l and Wang Yi",
    title = "Decidable and Undecidable Problems in Schedulability Analysis Using Timed Automata",
    booktitle = "Proceedings of TACAS'04, Barcelona, Spain.",
    pages = "236--250",
    volume = "2988",
    editor =    {Kurt Jensen and Andreas Podelski}, 
    series = "Lecture Notes in Computer Science", 
    publisher = "Springer-Verlag",
    year = "2004",
}

